<record><leader>00000cas a22000007a 4500</leader><controlfield tag="001">12234762</controlfield><controlfield tag="008">850705d18791890iauwr ne      0    0eng d</controlfield><datafield ind1=" " ind2=" " tag="010"><subfield code="a">sn 85050833 </subfield></datafield><datafield ind1=" " ind2=" " tag="040"><subfield code="a">INP</subfield><subfield code="b">eng</subfield><subfield code="c">INP</subfield><subfield code="d">OCL</subfield><subfield code="d">OCLCQ</subfield><subfield code="d">UKMGB</subfield><subfield code="d">OCLCQ</subfield></datafield><datafield ind1="7" ind2=" " tag="016"><subfield code="a">013921466</subfield><subfield code="2">Uk</subfield></datafield><datafield ind1=" " ind2=" " tag="042"><subfield code="a">msc</subfield></datafield><datafield ind1="0" ind2=" " tag="130"><subfield code="a">Courier journal (Center Point, Iowa)</subfield></datafield><datafield ind1="1" ind2="4" tag="245"><subfield code="a">The Courier-journal.</subfield></datafield><datafield ind1="3" ind2="0" tag="246"><subfield code="a">Center Point mirror</subfield></datafield><datafield ind1=" " ind2=" " tag="260"><subfield code="a">Center Point, Iowa :</subfield><subfield code="b">Henry A. Cook,</subfield><subfield code="c">-1890.</subfield></datafield><datafield ind1=" " ind2=" " tag="300"><subfield code="a">v. :</subfield><subfield code="b">ill. (chiefly advertisements) ;</subfield><subfield code="c">60-64 cm.</subfield></datafield><datafield ind1=" " ind2=" " tag="310"><subfield code="a">Weekly</subfield></datafield><datafield ind1="1" ind2=" " tag="362"><subfield code="a">Began with May 7? 1879 issue.</subfield><subfield code="z">Cf. Courier journal (Center Point, Iowa), May 14, 1879.</subfield></datafield><datafield ind1="0" ind2=" " tag="362"><subfield code="a">-v. 24, no. 34 (Aug. 21, 1890).</subfield></datafield><datafield ind1=" " ind2=" " tag="500"><subfield code="a">Title varies: Center Point mirror, &lt;Sept. 11, 1880&gt;.</subfield></datafield><datafield ind1=" " ind2=" " tag="500"><subfield code="a">Special "Journal Holiday Edition" issued Dec. 27, 1884.</subfield></datafield><datafield ind1=" " ind2=" " tag="515"><subfield code="a">Numbering repeated: Feb. 1-22, 1889 all called: Vol. 20, no. 49.</subfield></datafield><datafield ind1=" " ind2=" " tag="515"><subfield code="a">Vol. 21, no. 1-2 (Mar. 29-Apr. 5, 1889) misnumbered Vol. 11, no. 1-2 (Mar. 29-Apr. 5, 1889).</subfield></datafield><datafield ind1=" " ind2=" " tag="515"><subfield code="a">Numbering irregular: Vol. 22, no. 29 (Dec. 19, 1889)-v. 24, no. 2 (Jan. 9, 1890).</subfield></datafield><datafield ind1=" " ind2=" " tag="588"><subfield code="a">Description based on: Vol. 7, no. 19 (May, 14, 1879).</subfield></datafield><datafield ind1=" " ind2=" " tag="752"><subfield code="a">United States</subfield><subfield code="b">Iowa</subfield><subfield code="c">Linn</subfield><subfield code="d">Center Point.</subfield></datafield><datafield ind1="0" ind2="0" tag="780"><subfield code="t">Center Point mirror</subfield><subfield code="w">(DLC)sn 85049665</subfield></datafield><datafield ind1="0" ind2="0" tag="785"><subfield code="t">Center Point courier journal</subfield><subfield code="w">(DLC)sn 85049667</subfield></datafield></record>